<record xmlns="http://www.loc.gov/MARC21/slim" xmlns:xsi="http://www.w3.org/2001/XMLSchema-instance" xsi:schemaLocation="http://www.loc.gov/MARC21/slim http://www.loc.gov/standards/marcxml/schema/MARC21slim.xsd"><leader>00037nz   2200037n  4500</leader><controlfield tag="001">DNB|118911082</controlfield><controlfield tag="003">DNB</controlfield><controlfield tag="005">20061125010149.0</controlfield><controlfield tag="008">900518|||azznnaa|||||||||||| a|aaa|||| d</controlfield><datafield ind1="7" ind2=" " tag="016"><subfield code="a">118911082</subfield><subfield code="2">GyFmDB</subfield></datafield><datafield ind1=" " ind2=" " tag="035"><subfield code="a">(SWD)4233170-5</subfield></datafield><datafield ind1=" " ind2=" " tag="040"><subfield code="a">0012</subfield><subfield code="b">ger</subfield><subfield code="d">9999</subfield><subfield code="f">RAK-PND</subfield></datafield><datafield ind1=" " ind2=" " tag="043"><subfield code="a">XS---</subfield><subfield code="2">SWD-ISO3166</subfield></datafield><datafield ind1="1" ind2=" " tag="045"><subfield code="b">d2./4. Jh. n. Chr.</subfield></datafield><datafield ind1=" " ind2=" " tag="065"><subfield code="a">5.7p</subfield><subfield code="5">SWD</subfield></datafield><datafield ind1=" " ind2=" " tag="072"><subfield code="a">grc</subfield><subfield code="2">ISO639-2</subfield></datafield><datafield ind1="0" ind2=" " tag="100"><subfield code="a">Maximus,</subfield><subfield code="c">Astrologus</subfield><subfield code="d">2./4. Jh. n. Chr.</subfield></datafield><datafield ind1="0" ind2=" " tag="400"><subfield code="a">Maximus,</subfield><subfield code="c">Astrologer</subfield><subfield code="d">2./4. Jh. n. Chr.</subfield></datafield><datafield ind1="0" ind2=" " tag="400"><subfield code="a">Maximus,</subfield><subfield code="c">Verfasser eines Astrologischen Lehrgedichts</subfield><subfield code="d">2./4. Jh. n. Chr.</subfield></datafield><datafield ind1="0" ind2=" " tag="400"><subfield code="a">Maximos,</subfield><subfield code="c">Astrologe</subfield><subfield code="d">2./4. Jh. n. Chr.</subfield></datafield><datafield ind1="0" ind2=" " tag="400"><subfield code="a">Massimo,</subfield><subfield code="c">Astrologo</subfield><subfield code="d">2./4. Jh. n. Chr.</subfield></datafield><datafield ind1="0" ind2=" " tag="400"><subfield code="a">Maxime,</subfield><subfield code="c">lÁstrologue</subfield><subfield code="d">2./4. Jh. n. Chr.</subfield></datafield><datafield ind1=" " ind2=" " tag="667"><subfield code="a">TITAN</subfield></datafield><datafield ind1=" " ind2=" " tag="670"><subfield code="a">PAN; Thes. ling. Graec.; Lex. alte Welt</subfield></datafield><datafield ind1=" " ind2=" " tag="678"><subfield code="a">Verfasser eines astrologischen Lehrgedichts</subfield></datafield><datafield ind1="0" ind2="7" tag="700"><subfield code="a">Maximos,</subfield><subfield code="c">Astrologe</subfield><subfield code="d">2./4. Jh. n. Chr.</subfield><subfield code="2">Other Rules</subfield></datafield><datafield ind1=" " ind2=" " tag="910"><subfield code="a">peri katarchon carmen de electionum auspiciis</subfield><subfield code="9">2</subfield></datafield><datafield ind1=" " ind2=" " tag="910"><subfield code="a">maximi et ammonis carminum de actionum auspiciis reliquiae</subfield><subfield code="9">1</subfield></datafield><datafield ind1=" " ind2=" " tag="911"><subfield code="a">anecdota astrologica</subfield><subfield code="9">1</subfield></datafield><datafield ind1=" " ind2=" " tag="921"><subfield code="a">teubner</subfield><subfield code="9">1</subfield></datafield><datafield ind1=" " ind2=" " tag="922"><subfield code="a">gw</subfield><subfield code="9">3</subfield></datafield><datafield ind1=" " ind2=" " tag="940"><subfield code="a">gre</subfield><subfield code="9">1</subfield></datafield><datafield ind1=" " ind2=" " tag="940"><subfield code="a">ger</subfield><subfield code="9">2</subfield></datafield><datafield ind1=" " ind2=" " tag="943"><subfield code="a">172x</subfield><subfield code="9">1</subfield></datafield><datafield ind1=" " ind2=" " tag="943"><subfield code="a">187x</subfield><subfield code="9">1</subfield></datafield><datafield ind1=" " ind2=" " tag="943"><subfield code="a">180x</subfield><subfield code="9">1</subfield></datafield><datafield ind1=" " ind2=" " tag="944"><subfield code="a">am</subfield><subfield code="9">3</subfield></datafield><datafield ind1=" " ind2=" " tag="945"><subfield code="a">15</subfield><subfield code="9">1</subfield></datafield><datafield ind1=" " ind2=" " tag="950"><subfield code="a">ludwich arthur</subfield><subfield code="9">1</subfield></datafield><datafield ind1=" " ind2=" " tag="950"><subfield code="a">ammon</subfield><subfield code="9">1</subfield></datafield><datafield ind1=" " ind2=" " tag="999"><subfield code="a">BVB|BV010417331</subfield></datafield><datafield ind1=" " ind2=" " tag="999"><subfield code="a">BVB|BV010417332</subfield></datafield></record>